@Article{Auftrag,
  author = {Rühlander, Heike},
  title = {Entwicklung einer relationalen Datenbank für einen Immobilienmakler},
  timestamp = {2022-12-19},
  note = {URL: https://hb.itslearning.com/LearningToolElement/ViewLearningToolElement.aspx?LearningToolElementId=12607642, zuletz abgerufen 19.12.2022},
}

@Comment{jabref-meta: databaseType:bibtex; }
